@article{DBLP:journals/eaai/CasadeiVAPD21,
  author    = {Roberto Casadei and
               Mirko Viroli and
               Giorgio Audrito and
               Danilo Pianini and
               Ferruccio Damiani},
  title     = {Engineering collective intelligence at the edge with aggregate processes},
  journal   = {Eng. Appl. Artif. Intell.},
  volume    = {97},
  pages     = {104081},
  year      = {2021},
  url       = {https://doi.org/10.1016/j.engappai.2020.104081},
  doi       = {10.1016/j.engappai.2020.104081},
  timestamp = {Thu, 14 Oct 2021 08:47:25 +0200},
  biburl    = {https://dblp.org/rec/journals/eaai/CasadeiVAPD21.bib},
  bibsource = {dblp computer science bibliography, https://dblp.org}
}